%
%  An example of a bibliographical database for bibTeX
%
%  Recommended software for maintenance of *.bib files:
%    JabRef, http://jabref.sourceforge.net/
%
%  BEWARE:
%
%    *  If a name contains a capital letter, which must be kept such,
%       use curly brackets ({T}hailand, {HIV}).
%
%  ===========================================================================

@article{gaifman1964rado,
  title={Concerning measures in first order calculi},
  author={Gaifman, Haim},
  journal={Israel journal of mathematics},
  volume={2},
  number={1},
  pages={1--18},
  year={1964},
  publisher={Springer}
}

@inproceedings{beame1995rel,
author = {Beame, Paul and Cook, Stephen and Edmonds, Jeff and Impagliazzo, Russell and Pitassi, Toniann},
title = {The Relative Complexity of NP Search Problems},
year = {1995},
isbn = {0897917189},
publisher = {Association for Computing Machinery},
address = {New York, NY, USA},
url = {https://doi.org/10.1145/225058.225147},
doi = {10.1145/225058.225147},
booktitle = {Proceedings of the Twenty-Seventh Annual ACM Symposium on Theory of Computing},
pages = {303–314},
numpages = {12},
location = {Las Vegas, Nevada, USA},
series = {STOC '95}
}


@article {goldberg2018tfnp,
    AUTHOR = {Goldberg, Paul W. and Papadimitriou, Christos H.},
     TITLE = {Towards a unified complexity theory of total functions},
   JOURNAL = {J. Comput. System Sci.},
  FJOURNAL = {Journal of Computer and System Sciences},
    VOLUME = {94},
      YEAR = {2018},
     PAGES = {167--192},
      ISSN = {0022-0000},
   MRCLASS = {68Q15 (03B70)},
  MRNUMBER = {3774950},
       DOI = {10.1016/j.jcss.2017.12.003},
       URL = {https://doi.org/10.1016/j.jcss.2017.12.003},
}

@article{megiddo1991total,
  title={On total functions, existence theorems and computational complexity},
  author={Megiddo, Nimrod and Papadimitriou, Christos H},
  journal={Theoretical Computer Science},
  volume={81},
  number={2},
  pages={317--324},
  year={1991},
  publisher={Elsevier}
}

@article{goldbring2014lecture,
  title={Lecture notes on nonstandard analysis},
  author={Goldbring, I},
  journal={Ucla summer school in logic},
  year={2014}
}

@book {kaye1991pa,
    AUTHOR = {Kaye, Richard},
     TITLE = {Models of {P}eano arithmetic},
    SERIES = {Oxford Logic Guides},
    VOLUME = {15},
      NOTE = {Oxford Science Publications},
 PUBLISHER = {The Clarendon Press, Oxford University Press, New York},
      YEAR = {1991},
     PAGES = {x+292},
      ISBN = {0-19-853213-X},
   MRCLASS = {03H15 (03-01 03C62 03F30)},
  MRNUMBER = {1098499},
}

@book{krajicek2010forcing,
  title={Forcing with random variables and proof complexity},
  author={Kraj{\'\i}{\v{c}}ek, Jan},
  volume={382},
  year={2010},
  publisher={Cambridge University Press}
}

@article{razborov2007flag,
  title={Flag algebras},
  author={Razborov, Alexander A},
  journal={The Journal of Symbolic Logic},
  volume={72},
  number={4},
  pages={1239--1282},
  year={2007},
  publisher={Cambridge University Press}
}

@article{lovasz2006limits,
  title={Limits of dense graph sequences},
  author={Lov{\'a}sz, L{\'a}szl{\'o} and Szegedy, Bal{\'a}zs},
  journal={Journal of Combinatorial Theory, Series B},
  volume={96},
  number={6},
  pages={933--957},
  year={2006},
  publisher={Elsevier}
}

@inproceedings{borgs2006graph,
  title={Graph limits and parameter testing},
  author={Borgs, Christian and Chayes, Jennifer and Lov{\'a}sz, L{\'a}szl{\'o} and S{\'o}s, Vera T and Szegedy, Bal{\'a}zs and Vesztergombi, Katalin},
  booktitle={Proceedings of the thirty-eighth annual ACM symposium on Theory of computing},
  pages={261--270},
  year={2006}
}

@article{Fagin1976,
 ISSN = {00224812},
 URL = {http://www.jstor.org/stable/2272945},
 author = {Ronald Fagin},
 journal = {The Journal of Symbolic Logic},
 number = {1},
 pages = {50--58},
 publisher = {Association for Symbolic Logic},
 title = {Probabilities on Finite Models},
 urldate = {2022-04-15},
 volume = {41},
 year = {1976}
}


@article{Nesetril2013,
  title={A model theory approach to structural limits},
  author={Nesetril, Jaroslav and De Mendez, Patrice Ossona},
  journal={arXiv preprint arXiv:1303.2865},
  year={2013}
}

@BOOK{Andel07,
  title = {Základy matematické statistiky},
  publisher = {Matfyzpress},
  year = {2007},
  author = {Anděl, J.},
  address = {Praha},
  series = {Druhé opravené vydání},
  isbn = {80-7378-001-1}
}

@BOOK{Andel98,
  title = {Statistické metody},
  publisher = {Matfyzpress},
  year = {1998},
  author = {Anděl, J.},
  address = {Praha},
  series = {Druhé přepracované vydání},
  isbn = {80-85863-27-8}
}

@ARTICLE{Cox72,
  author = {Cox, D. R.},
  title = {Regression models and life-tables (with {D}iscussion)},
  journal = {Journal of the Royal Statistical Society, Series B},
  year = {1972},
  volume = {34},
  pages = {187--220},
  number = {2}
}

@ARTICLE{DempsterLairdRubin77,
  author = {Dempster, A. P. and Laird, N. M. and Rubin, D. B.},
  title = {Maximum likelihood from incomplete data via the {EM} algorithm},
  journal = {Journal of the Royal Statistical Society, Series B},
  year = {1977},
  volume = {39},
  pages = {1--38},
  number = {1}
}

@ARTICLE{Genberget08,
  author = {Genberg, B. L. and Kulich, M. and Kawichai, S. and Modiba, P. and
	Chingono, A. and Kilonzo, G. P. and Richter, L. and Pettifor, A.
	and Sweat, M. and Celentano, D. D.},
  title = {{HIV} risk behaviors in Sub-{S}aharan {A}frica and {N}orthern {T}hailand:
	{B}aseline behavioral data from project {A}ccept},
  journal = {Journal of Acquired Immune Deficiency Syndrome},
  year = {2008},
  volume = {49},
  pages = {309--319}
}

@ARTICLE{KaplanMeier58,
  author = {Kaplan, E. L. and Meier, P.},
  title = {Nonparametric estimation from incomplete observations},
  journal = {Journal of the American Statistical Association},
  year = {1958},
  volume = {53},
  pages = {457--481},
  number = {282}
}

@BOOK{LehmannCasella98,
  title = {Theory of Point Estimation},
  publisher = {Springer-Verlag},
  year = {1998},
  author = {Lehmann, E. L. and Casella, G.},
  address = {New York},
  series = {{S}econd {E}dition},
  isbn = {0-387-98502-6}
}

@ARTICLE{Student08,
  author = {Student},
  title = {On the probable error of the mean},
  journal = {Biometrika},
  year = {1908},
  volume = {6},
  pages = {1-25}
}
